<record xmlns="http://www.loc.gov/MARC21/slim" xmlns:xsi="http://www.w3.org/2001/XMLSchema-instance" xsi:schemaLocation="http://www.loc.gov/MARC21/slim http://www.loc.gov/standards/marcxml/schema/MARC21slim.xsd"><leader>01674nam a2200349   4500</leader><controlfield tag="001">002968371</controlfield><controlfield tag="003">NNU</controlfield><controlfield tag="006">m        d        </controlfield><controlfield tag="007">cr cn |||m|||a</controlfield><controlfield tag="008">150223s1952    ua      ob    000 0 arard</controlfield><datafield ind1=" " ind2=" " tag="040"><subfield code="a">NNU</subfield><subfield code="b">eng</subfield><subfield code="c">NNU</subfield></datafield><datafield ind1=" " ind2="0" tag="050"><subfield code="a">PJ6074</subfield><subfield code="b">.H3 1952</subfield></datafield><datafield ind1="1" ind2=" " tag="100"><subfield code="6">880-01</subfield><subfield code="a">H&#803;asan, &#699;Abd al-H&#803;ami&#772;d,</subfield></datafield><datafield ind1="1" ind2="3" tag="245"><subfield code="6">880-02</subfield><subfield code="a">al-Qawa&#772;&#699;id al-nah&#803;wi&#772;yah</subfield><subfield code="h">[electronic resource] :</subfield><subfield code="b">ma&#772;ddatuha&#772; wa-t&#803;ari&#772;qatuha&#772; /</subfield><subfield code="c">Ta&#700;li&#772;f &#699;Abd al-H&#803;ami&#772;d H&#803;asan.</subfield></datafield><datafield ind1=" " ind2=" " tag="250"><subfield code="6">880-03</subfield><subfield code="a">al-T&#803;ab&#699;ah 2.</subfield></datafield><datafield ind1=" " ind2=" " tag="260"><subfield code="6">880-04</subfield><subfield code="a">Mis&#803;r :</subfield><subfield code="b">Maktabat al-Anjlu&#772; al-Mis&#803;ri&#772;yah,</subfield><subfield code="c">1952.</subfield></datafield><datafield ind1=" " ind2=" " tag="300"><subfield code="a">online resource (286 p.)</subfield></datafield><datafield ind1=" " ind2=" " tag="500"><subfield code="a">Part of the Arabic Collections Online (ACO) project, contributed by New York Univeristy Libraries.</subfield></datafield><datafield ind1=" " ind2=" " tag="504"><subfield code="a">Bibliographical footnotes.</subfield></datafield><datafield ind1=" " ind2=" " tag="533"><subfield code="a">Electronic reproduction.</subfield><subfield code="b">New York, N.Y. :</subfield><subfield code="c">New York University,</subfield><subfield code="d">2015.</subfield><subfield code="5">NNU</subfield></datafield><datafield ind1=" " ind2="0" tag="650"><subfield code="a">Arabic language</subfield><subfield code="x">Study and teaching.</subfield></datafield><datafield ind1=" " ind2="7" tag="650"><subfield code="a">Arabic language</subfield><subfield code="x">Study and teaching.</subfield><subfield code="2">fast</subfield><subfield code="0">(OCoLC)fst00812429</subfield></datafield><datafield ind1="2" ind2=" " tag="710"><subfield code="a">New York University.</subfield><subfield code="b">Libraries.</subfield></datafield><datafield ind1="0" ind2=" " tag="730"><subfield code="a">Arabic Collections Online.</subfield></datafield><datafield ind1="0" ind2="8" tag="776"><subfield code="i">Print version:</subfield><subfield code="a">H&#803;asan, &#699;Abd al-H&#803;ami&#772;d,</subfield><subfield code="t">al-Qawa&#772;&#699;id al-nah&#803;wi&#772;yah</subfield><subfield code="w">(NNU)002968371</subfield><subfield code="w">(DLC)ne 68010605</subfield></datafield><datafield ind1="4" ind2="0" tag="856"><subfield code="u">http://hdl.handle.net/2333.1/5mkkwk1r</subfield></datafield><datafield ind1="1" ind2=" " tag="880"><subfield code="6">100-01/</subfield><subfield code="a">&#1581;&#1587;&#1606;&#1548; &#1593;&#1576;&#1583; &#1575;&#1604;&#1581;&#1605;&#1610;&#1583;.</subfield></datafield><datafield ind1="1" ind2="2" tag="880"><subfield code="6">245-02/</subfield><subfield code="a">&#1575;&#1604;&#1602;&#1608;&#1575;&#1593;&#1583; &#1575;&#1604;&#1606;&#1581;&#1608;&#1610;&#1577; :</subfield><subfield code="b">&#1605;&#1575;&#1583;&#1578;&#1607;&#1575; &#1608;&#1591;&#1585;&#1610;&#1602;&#1578;&#1607;&#1575; /</subfield><subfield code="c">&#1578;&#1571;&#1604;&#1610;&#1601; &#1593;&#1576;&#1583; &#1575;&#1604;&#1581;&#1605;&#1610;&#1583; &#1581;&#1587;&#1606;.</subfield></datafield><datafield ind1=" " ind2=" " tag="880"><subfield code="6">250-03/</subfield><subfield code="a">&#1575;&#1604;&#1591;&#1576;&#1593;&#1577; 2.</subfield></datafield><datafield ind1=" " ind2=" " tag="880"><subfield code="6">260-04/</subfield><subfield code="a">&#1605;&#1589;&#1585; :</subfield><subfield code="b">&#1605;&#1603;&#1578;&#1576;&#1577; &#1575;&#1604;&#1575;&#1606;&#1580;&#1604;&#1608; &#1575;&#1604;&#1605;&#1589;&#1585;&#1610;&#1577;&#1548;</subfield><subfield code="c">1952.</subfield></datafield><datafield ind1=" " ind2=" " tag="959"><subfield code="a">NNU</subfield><subfield code="b">WEB</subfield><subfield code="c">GENI</subfield><subfield code="t">0</subfield><subfield code="m">Electronic access</subfield><subfield code="s">01</subfield></datafield><datafield ind1=" " ind2=" " tag="999"><subfield code="i">NNU_002968371</subfield><subfield code="s">nyu_aco000215</subfield></datafield></record>